<record><leader>00000cas a22000007a 4500</leader><controlfield tag="001">14055905</controlfield><controlfield tag="008">860807d19061918iauwr ne      0    0eng d</controlfield><datafield ind1=" " ind2=" " tag="010"><subfield code="a">sn 86061086 </subfield></datafield><datafield ind1=" " ind2=" " tag="040"><subfield code="a">INP</subfield><subfield code="b">eng</subfield><subfield code="c">INP</subfield><subfield code="d">OCLCQ</subfield></datafield><datafield ind1=" " ind2=" " tag="042"><subfield code="a">msc</subfield></datafield><datafield ind1="0" ind2=" " tag="130"><subfield code="a">Washington County press (Washington, Iowa : 1906)</subfield></datafield><datafield ind1="1" ind2="0" tag="245"><subfield code="a">Washington County press.</subfield></datafield><datafield ind1=" " ind2=" " tag="260"><subfield code="a">Washington, Iowa :</subfield><subfield code="b">Ralph L. Livingston &amp; Chas. K. Needham,</subfield><subfield code="c">1906-</subfield></datafield><datafield ind1=" " ind2=" " tag="300"><subfield code="a">v. :</subfield><subfield code="b">ill.</subfield></datafield><datafield ind1=" " ind2=" " tag="310"><subfield code="a">Weekly</subfield></datafield><datafield ind1="0" ind2=" " tag="362"><subfield code="a">Vol. 51, no. 25 (Nov. 23, 1906)-</subfield></datafield><datafield ind1="1" ind2=" " tag="362"><subfield code="a">Ceased in 1918?</subfield><subfield code="z">Cf. Bibl. of Iowa newspapers.</subfield></datafield><datafield ind1=" " ind2=" " tag="500"><subfield code="a">Special "Harvest home festival edition" published Sept. 29, 1915.</subfield></datafield><datafield ind1=" " ind2=" " tag="500"><subfield code="a">Publisher varies.</subfield></datafield><datafield ind1=" " ind2=" " tag="752"><subfield code="a">United States</subfield><subfield code="b">Iowa</subfield><subfield code="c">Washington</subfield><subfield code="d">Washington.</subfield></datafield><datafield ind1="0" ind2="0" tag="780"><subfield code="t">Washington press (Washington, Iowa : 1889)</subfield><subfield code="w">(DLC)sn 86061085</subfield></datafield><datafield ind1="0" ind2="4" tag="785"><subfield code="t">Evening journal (Washington, Iowa)</subfield><subfield code="w">(DLC)sn 86063094</subfield></datafield></record>